@Manual{R-base,
  title = {R: A Language and Environment for Statistical Computing},
  author = {{R Core Team}},
  organization = {R Foundation for Statistical Computing},
  address = {Vienna, Austria},
  year = {2016},
  url = {https://www.R-project.org/},
}
@Manual{R-bookdown,
  title = {bookdown: Authoring Books with R Markdown},
  author = {Yihui Xie},
  year = {2016},
  note = {R package version 0.1},
  url = {https://CRAN.R-project.org/package=bookdown},
}
@Manual{R-dplyr,
  title = {dplyr: A Grammar of Data Manipulation},
  author = {Hadley Wickham and Romain Francois},
  year = {2016},
  note = {R package version 0.5.0},
  url = {https://CRAN.R-project.org/package=dplyr},
}
@Manual{R-ggplot2,
  title = {ggplot2: Create Elegant Data Visualisations Using the Grammar of Graphics},
  author = {Hadley Wickham and Winston Chang},
  year = {2016},
  note = {R package version 2.2.0},
  url = {https://CRAN.R-project.org/package=ggplot2},
}
@Manual{R-knitr,
  title = {knitr: A General-Purpose Package for Dynamic Report Generation in R},
  author = {Yihui Xie},
  year = {2016},
  note = {R package version 1.14},
  url = {https://CRAN.R-project.org/package=knitr},
}
@Manual{R-purrr,
  title = {purrr: Functional Programming Tools},
  author = {Hadley Wickham},
  year = {2016},
  note = {R package version 0.2.2},
  url = {https://CRAN.R-project.org/package=purrr},
}
@Manual{R-readr,
  title = {readr: Read Tabular Data},
  author = {Hadley Wickham and Jim Hester and Romain Francois},
  year = {2016},
  note = {R package version 1.0.0},
  url = {https://CRAN.R-project.org/package=readr},
}
@Manual{R-rmarkdown,
  title = {rmarkdown: Dynamic Documents for R},
  author = {JJ Allaire and Joe Cheng and Yihui Xie and Jonathan McPherson and Winston Chang and Jeff Allen and Hadley Wickham and Aron Atkins and Rob Hyndman},
  year = {2016},
  note = {R package version 1.1},
  url = {https://CRAN.R-project.org/package=rmarkdown},
}
@Manual{R-rstan,
  title = {rstan: R Interface to Stan},
  author = {Jiqiang Guo and Jonah Gabry and Ben Goodrich},
  year = {2016},
  note = {R package version 2.12.1},
  url = {https://CRAN.R-project.org/package=rstan},
}
@Manual{R-StanHeaders,
  title = {StanHeaders: C++ Header Files for Stan},
  author = {Ben Goodrich and Andrew Gelman and Bob Carpenter and Matt Hoffman and Daniel Lee and Michael Betancourt and Marcus Brubaker and Jiqiang Guo and Peter Li and Allen Riddell and Marco Inacio and Mitzi Morris and Jeffrey Arnold and Rob Goedman and Brian Lau and Rob Trangucci and Jonah Gabry and Alp Kucukelbir and Robert Grant and Dustin Tran and Michael Malecki and Yuanjun Gao},
  year = {2016},
  note = {R package version 2.12.0},
  url = {https://CRAN.R-project.org/package=StanHeaders},
}
@Manual{R-tibble,
  title = {tibble: Simple Data Frames},
  author = {Hadley Wickham and Romain Francois and Kirill Müller},
  year = {2016},
  note = {R package version 1.2},
  url = {https://CRAN.R-project.org/package=tibble},
}
@Manual{R-tidyr,
  title = {tidyr: Easily Tidy Data with `spread()` and `gather()` Functions},
  author = {Hadley Wickham},
  year = {2016},
  note = {R package version 0.6.0},
  url = {https://CRAN.R-project.org/package=tidyr},
}
@Manual{R-tidyverse,
  title = {tidyverse: Easily Install and Load 'Tidyverse' Packages},
  author = {Hadley Wickham},
  year = {2016},
  note = {R package version 1.0.0},
  url = {https://CRAN.R-project.org/package=tidyverse},
}
@Manual{R-tufte,
  title = {tufte: Tufte's Styles for R Markdown Documents},
  author = {Yihui Xie and JJ Allaire},
  year = {2016},
  note = {R package version 0.2},
  url = {https://CRAN.R-project.org/package=tufte},
}
